<record xmlns="http://www.openarchives.org/OAI/2.0/" xmlns:xsi="http://www.w3.org/2001/XMLSchema-instance"><header><identifier>oai:alma.34CSIC_INST:990013499540204201</identifier><datestamp>2020-02-06T08:40:59Z</datestamp><setSpec>manuscripta</setSpec></header><metadata><record xmlns="http://www.loc.gov/MARC21/slim" xmlns:xsi="http://www.w3.org/2001/XMLSchema-instance" xsi:schemaLocation="http://www.loc.gov/MARC21/slim http://www.loc.gov/standards/marcxml/schema/MARC21slim.xsd"><leader>08299nam a2200625 i 4500</leader><controlfield tag="005">20181031100337.0</controlfield><controlfield tag="008">100729suuuu                  000 0 ara d</controlfield><controlfield tag="001">990013499540204201</controlfield><datafield tag="035" ind1=" " ind2=" "><subfield code="a">CSIC001349954</subfield></datafield><datafield tag="035" ind1=" " ind2=" "><subfield code="a">(ES-MaCSI)001349954MAD01-Aleph</subfield></datafield><datafield tag="040" ind1=" " ind2=" "><subfield code="a">ES-MaCSI</subfield><subfield code="b">spa</subfield></datafield><datafield tag="100" ind1="1" ind2=" "><subfield code="a">Makkūdī, `Abd al-Raḥmān b. `Alī al-</subfield><subfield code="d">(m. 1404 ó 5).</subfield></datafield><datafield tag="245" ind1="1" ind2="0"><subfield code="a">‮شرح مختصر على ألفية بن ملك [cis] </subfield><subfield code="h">[otircsunaM]</subfield><subfield code="c">/ أبو زيد عبد الرحمان بن علي بن صالح المكودي.</subfield></datafield><datafield tag="260" ind1=" " ind2=" "><subfield code="c">[s. f.].</subfield></datafield><datafield tag="300" ind1=" " ind2=" "><subfield code="a">226 f. (con guarda sólo al principio) ;</subfield><subfield code="c">21x 15,3 (caja: 14 x 8,5).</subfield></datafield><datafield tag="490" ind1="1" ind2=" "><subfield code="a">Manuscripta</subfield></datafield><datafield tag="546" ind1=" " ind2=" "><subfield code="a">Arabe</subfield><subfield code="b">Escritura magrebí</subfield></datafield><datafield tag="500" ind1=" " ind2=" "><subfield code="a">Título transliterado: Šarḥ Mujtaṣar ʽalà Alfiyyat b. Malik [sic]</subfield></datafield><datafield tag="500" ind1=" " ind2=" "><subfield code="a">Distribución: 1 col. La mayor parte de la obra tiene 23 líneas por página.</subfield></datafield><datafield tag="500" ind1=" " ind2=" "><subfield code="a">Material: Papel</subfield></datafield><datafield tag="500" ind1=" " ind2=" "><subfield code="a">Tinta: Negra, roja, verde y azul</subfield></datafield><datafield tag="500" ind1=" " ind2=" "><subfield code="a">(بعد البسملة والتصلية) قَالَ الشيْخ الأستاذ النحوي المحقق أبو زيد عبد الرحمان بن علي بن صالح المكودي رحمه الله تعالى ورضي عنه ونفع به آمين آمين آمين Incipit: ‪</subfield></datafield><datafield tag="500" ind1=" " ind2=" "><subfield code="a">فالحمد لله على ما منح من التيسير والتّسهيل وفتح من التبصرة والتكميل فهو حسْبي ونعم الوكيل ولا حول ولا قوة الا بالله العليّ العظيم ‪Explicit:</subfield></datafield><datafield tag="500" ind1=" " ind2=" "><subfield code="a">Lugar de escritura: No consta</subfield></datafield><datafield tag="500" ind1=" " ind2=" "><subfield code="a">Copista: No consta</subfield></datafield><datafield tag="500" ind1=" " ind2=" "><subfield code="a">‪Colofón: انتهى بحمد الله وحسن عونه وتوفيقه الحميد وصلى الله على سيدنا ومولانا محمد وعلى آله وصحبه وسلم تسليما واخر دعوانا ان الحمد لله رب العلمين ولا حول ولا قوة الا بالله العليّ العظيم</subfield></datafield><datafield tag="500" ind1=" " ind2=" "><subfield code="a">Características especiales: Texto sin vocalizar</subfield></datafield><datafield tag="500" ind1=" " ind2=" "><subfield code="a">Ilustración: En el folio 106v aparece una tabla de datos que contiene las declinaciones de algunos términos. Las palabras aparecen en tinta negra vocalizadas en rojo.</subfield></datafield><datafield tag="500" ind1=" " ind2=" "><subfield code="a">Ilustraciones: Los epígrafes se marcan con tinta roja o negra, en caracteres más grandes y alargados que el resto del texto. También algunas palabras sueltas o incluso versos o frases del texto se escriben con tinta roja, verde o negra. A modo de elemento decorativo aparece en tinta roja o negra dividiendo los hemistiquios de un verso o al final de un frase, un círculo con un punto en su interior</subfield></datafield><datafield tag="500" ind1=" " ind2=" "><subfield code="a">Tipo de cuaderno: 23 cuads.: 1 ternión, 3 cuaterniones y 19 quiniones; más 6 folios sueltos</subfield></datafield><datafield tag="500" ind1=" " ind2=" "><subfield code="a">Deterioros: En general, buen estado del texto. - La encuadernación está deteriorada con las tapas sueltas y los cuadernos descosidos. En algunos folios del volumen hay galerías, manchas que no afectan al texto del volumen.</subfield></datafield><datafield tag="500" ind1=" " ind2=" "><subfield code="a">H en blanco: 2 H en blanco: folios 1r y 226v</subfield></datafield><datafield tag="500" ind1=" " ind2=" "><subfield code="a">H dañadas, mutiladas, sueltas: H dañadas: folio 78 roto de arriba abajo. - 4 H sueltas: folios 10, 21, 30 y 220</subfield></datafield><datafield tag="500" ind1=" " ind2=" "><subfield code="a">H faltan o añadidas: No</subfield></datafield><datafield tag="500" ind1=" " ind2=" "><subfield code="a">Foliación: Sin foliación original. - Foliación moderna a lápiz hecha por Naima Anahnah (2010)</subfield></datafield><datafield tag="500" ind1=" " ind2=" "><subfield code="a">Reclamos: Reclamos en tinta negra en el margen inferior izquierdo de todos los folios verso.</subfield></datafield><datafield tag="500" ind1=" " ind2=" "><subfield code="a">Sign. cuad.: No</subfield></datafield><datafield tag="500" ind1=" " ind2=" "><subfield code="a">Pautado: Punta seca (casi inapreciable). Líneas rectrices con una regularidad de 5 mm.</subfield></datafield><datafield tag="500" ind1=" " ind2=" "><subfield code="a">Filigrana: No</subfield></datafield><datafield tag="563" ind1=" " ind2=" "><subfield code="a">Encuadernación: Cartera con tapa de cierre en piel marrón oscuro sobre cartón. Las tapas están decoradas con hierros en seco y con tres mosaicos centrales. Los mosaicos inferior y superior aparecen en dorado, mientras que el central se marca en verde y de tamaño más grande a los otros dos. El lomo de corte vertical tiene dos refuerzos: uno por el exterior en piel granate decorado con círculos en gofrado y otro por el interior en piel marrón claro. Por otro lado, el lomo está liso.</subfield></datafield><datafield tag="541" ind1=" " ind2=" "><subfield code="a">Procedencia: Compra</subfield><subfield code="c">[Familia Granados Montoro]</subfield><subfield code="d">Ingreso: 25 de Julio de 1986</subfield></datafield><datafield tag="500" ind1=" " ind2=" "><subfield code="a">Signatura antigua: CAJA 3-1</subfield></datafield><datafield tag="500" ind1=" " ind2=" "><subfield code="a">Anotaciones: Frecuentes anotaciones marginales en todo el volumen, tanto del mismo copista como de otras manos posteriores. - Las anotaciones marginales son en su mayoría comentarios sobre el contenido del texto. - También hay anotaciones, de diferente mano, tinta y contenido; en el interior de las tapas, así como en el folio recto de la guarda inicial. - En el interior de la solapa de cierre, escrito a lápiz se lee el número 8 que, probablemente, hacía referencia al número de catalogación del volumen antes de su ingreso en la BEEA.</subfield></datafield><datafield tag="581" ind1=" " ind2=" "><subfield code="a">Descripción: No</subfield></datafield><datafield tag="530" ind1=" " ind2=" "><subfield code="a">Otros soportes: No</subfield></datafield><datafield tag="581" ind1=" " ind2=" "><subfield code="a">Edición: No</subfield></datafield><datafield tag="510" ind1="0" ind2=" "><subfield code="a">No</subfield></datafield><datafield tag="520" ind1="2" ind2=" "><subfield code="a">Contenido: Šarḥ Mujtaṣar ʽalà Alfiyyat b. Malik [sic]</subfield></datafield><datafield tag="600" ind1="1" ind2="7"><subfield code="a">Ibn Mālik, Muḥammad b. `Abd Abd Allāh</subfield><subfield code="d">(m. 1274)</subfield><subfield code="t">Alfiyya</subfield><subfield code="x">Crítica e interpretación</subfield><subfield code="v">Manuscritos</subfield><subfield code="2">CSICAU</subfield></datafield><datafield tag="650" ind1=" " ind2="7"><subfield code="a">Arabe</subfield><subfield code="x">Gramática</subfield><subfield code="v">Manuscritos.</subfield><subfield code="2">CSICAU</subfield></datafield><datafield tag="740" ind1="0" ind2=" "><subfield code="a">Šarḥ Mujtaṣar ʽalà Alfiyyat b. Malik [sic]</subfield></datafield><datafield tag="830" ind1=" " ind2="0"><subfield code="a">Manuscripta</subfield></datafield><datafield tag="856" ind1="4" ind2="1"><subfield code="u">http://aleph.csic.es/imagenes/mad01/0006_PMSC/P_001349954_783427_V00.pdf</subfield><subfield code="z">Descargar Pdf completo (45M)</subfield><subfield code="m">CSIC</subfield></datafield><datafield tag="856" ind1="4" ind2="1"><subfield code="u">http://simurg.bibliotecas.csic.es/viewer/image/CSIC001349954/1/</subfield><subfield code="z">Ver texto completo en SIMURG, el portal de fondos digitalizados del CSIC</subfield><subfield code="m">CSIC</subfield></datafield><datafield tag="856" ind1="4" ind2="1"><subfield code="u">http://aleph.csic.es/imagenes/mad01/0006_PMSC/html/001349954.html</subfield><subfield code="z">Ver texto completo en Bookreader</subfield></datafield></record></metadata></record>